@misc{elaborato-intro,
    author={MIUR},
    title={{Scuola, pubblicate le Ordinanze sugli Esami di giugno}},
    date={2021-05-04},
    url={https://www.miur.gov.it/-/scuola-pubblicate-le-ordinanze-sugli-esami-di-giugno}
}

@misc{rust-website,
    author={Rust},
    title={A language empowering everyone to build reliable and efficient software.},
    date={2021},
    url={https://www.rust-lang.org/}
}

@misc{graphql-website,
    author={GraphQL},
    title={{A query language for your API}},
    date={2021},
    url={https://graphql.org/}
}

@misc{cloudflare-ddos,
    author={Cloudflare},
    title={{Comprehensive DDoS Protection}},
    date={2021},
    url={https://www.cloudflare.com/ddos/}
}

@article{cloudflare-research,
    author={Forrester Research},
    title={{DDoS Mitigation Solutions, Q1 2021}},
    date={2021},
    url={https://www.cloudflare.com/forrester-wave-ddos-mitigation-2021/}
}

@misc{cloudflare-ssl,
    author={Cloudflare},
    title={{Cloudflare Free SSL/TLS}},
    date={2021},
    url={https://www.cloudflare.com/ssl/}
}

@article{cloudflare-help,
    author={Cloudflare},
    title={{End-to-end HTTPS with Cloudflare - Part 3: SSL options}},
    journal={Cloudflare Help Center},
    year={2021},
    url={https://support.cloudflare.com/hc/en-us/articles/200170416-End-to-end-HTTPS-with-Cloudflare-Part-3-SSL-options}
}